<record><leader>00000cas a2200000 a 4500</leader><controlfield tag="001">39277039</controlfield><controlfield tag="008">980612d183918uumiuwr n       0    0eng c</controlfield><datafield ind1=" " ind2=" " tag="010"><subfield code="a">sn 98066177 </subfield></datafield><datafield ind1=" " ind2=" " tag="040"><subfield code="a">MHN</subfield><subfield code="b">eng</subfield><subfield code="c">MHN</subfield><subfield code="d">OCL</subfield><subfield code="d">OCLCQ</subfield><subfield code="d">OCLCO</subfield></datafield><datafield ind1="1" ind2=" " tag="029"><subfield code="a">AU@</subfield><subfield code="b">000014018205</subfield></datafield><datafield ind1=" " ind2=" " tag="042"><subfield code="a">pcc</subfield></datafield><datafield ind1=" " ind2=" " tag="043"><subfield code="a">n-us-mi</subfield></datafield><datafield ind1="0" ind2="0" tag="245"><subfield code="a">Flint River gazette.</subfield></datafield><datafield ind1=" " ind2=" " tag="260"><subfield code="a">Flint River, Genesee Co., Mich. :</subfield><subfield code="b">J.K. Averill</subfield></datafield><datafield ind1=" " ind2=" " tag="300"><subfield code="a">v.</subfield></datafield><datafield ind1=" " ind2=" " tag="310"><subfield code="a">Weekly</subfield></datafield><datafield ind1="1" ind2=" " tag="362"><subfield code="a">Began Jan. 26, 1839.</subfield><subfield code="z">Cf. Brown, E., A union list of newspapers published in Michigan, 1954.</subfield></datafield><datafield ind1=" " ind2=" " tag="580"><subfield code="a">Continued by: Northern advocate (Flint, Mich.)?</subfield></datafield><datafield ind1=" " ind2=" " tag="588"><subfield code="a">Description based on: Vol. 1, no. 37 (Sept. 28, 1839).</subfield></datafield><datafield ind1=" " ind2="0" tag="651"><subfield code="a">Flint River (Mich.)</subfield><subfield code="v">Newspapers.</subfield></datafield><datafield ind1=" " ind2="0" tag="651"><subfield code="a">Flint (Mich.)</subfield><subfield code="v">Newspapers.</subfield></datafield><datafield ind1=" " ind2="0" tag="651"><subfield code="a">Genesee County (Mich.)</subfield><subfield code="v">Newspapers.</subfield></datafield><datafield ind1=" " ind2=" " tag="752"><subfield code="a">United States</subfield><subfield code="b">Michigan</subfield><subfield code="c">Genesee</subfield><subfield code="d">Flint.</subfield></datafield><datafield ind1="1" ind2="0" tag="785"><subfield code="t">Northern advocate (Flint, Mich.)</subfield><subfield code="w">(DLC)sn 83016668</subfield><subfield code="w">(OCoLC)9974324</subfield></datafield></record>